<record><leader>00000cas a2200000 a 4500</leader><controlfield tag="001">11534817</controlfield><controlfield tag="008">841231d18581861caudr ne      0    0eng c</controlfield><datafield ind1=" " ind2=" " tag="010"><subfield code="a">sn 84038814 </subfield></datafield><datafield ind1=" " ind2=" " tag="040"><subfield code="a">NPX</subfield><subfield code="b">eng</subfield><subfield code="c">NPX</subfield><subfield code="d">CNK</subfield><subfield code="d">MGN</subfield><subfield code="d">CNK</subfield><subfield code="d">OCL</subfield><subfield code="d">CNK</subfield><subfield code="d">CRU</subfield><subfield code="d">OCLCQ</subfield><subfield code="d">OCLCF</subfield><subfield code="d">OCLCO</subfield></datafield><datafield ind1="1" ind2=" " tag="029"><subfield code="a">AU@</subfield><subfield code="b">000020233099</subfield></datafield><datafield ind1=" " ind2=" " tag="042"><subfield code="a">pcc</subfield></datafield><datafield ind1=" " ind2=" " tag="043"><subfield code="a">n-us-ca</subfield></datafield><datafield ind1="1" ind2="4" tag="050"><subfield code="a">AP2</subfield><subfield code="b">.M39453</subfield></datafield><datafield ind1="0" ind2=" " tag="130"><subfield code="a">Daily national Democrat (Marysville, Calif.)</subfield></datafield><datafield ind1="1" ind2="0" tag="245"><subfield code="a">Daily national Democrat.</subfield></datafield><datafield ind1=" " ind2=" " tag="260"><subfield code="a">Marysville, Calif. :</subfield><subfield code="b">A.S. Randall &amp; Co.</subfield></datafield><datafield ind1=" " ind2=" " tag="300"><subfield code="a">v.</subfield></datafield><datafield ind1=" " ind2=" " tag="310"><subfield code="a">Daily</subfield></datafield><datafield ind1="1" ind2=" " tag="362"><subfield code="a">Began in 1858.</subfield></datafield><datafield ind1="0" ind2=" " tag="362"><subfield code="a">-v. 7, no. 65 (Oct. 27, 1861).</subfield></datafield><datafield ind1=" " ind2=" " tag="500"><subfield code="a">Editor: John R. Ridge, &lt;1859&gt;.</subfield></datafield><datafield ind1=" " ind2=" " tag="530"><subfield code="a">Master negatives are available for duplication from:</subfield><subfield code="b">California Newspaper Microfilm Archive;</subfield><subfield code="c">positive copies may be purchased by the reel; for further information consult the CNMA at:</subfield><subfield code="u">http://cbsr.ucr.edu</subfield></datafield><datafield ind1=" " ind2=" " tag="588"><subfield code="a">Description based on: Vol. 1, no. 2 (Aug. 13, 1858).</subfield></datafield><datafield ind1=" " ind2="0" tag="651"><subfield code="a">Marysville (Calif.)</subfield><subfield code="v">Newspapers.</subfield></datafield><datafield ind1=" " ind2="7" tag="655"><subfield code="a">Newspapers.</subfield><subfield code="2">fast</subfield><subfield code="0">(OCoLC)fst01423814</subfield></datafield><datafield ind1=" " ind2="7" tag="651"><subfield code="a">California</subfield><subfield code="z">Marysville.</subfield><subfield code="2">fast</subfield><subfield code="0">(OCoLC)fst01215506</subfield></datafield><datafield ind1=" " ind2=" " tag="752"><subfield code="a">United States</subfield><subfield code="b">California</subfield><subfield code="c">Yuba</subfield><subfield code="d">Marysville.</subfield></datafield><datafield ind1="0" ind2=" " tag="775"><subfield code="t">Weekly national Democrat (Marysville, Calif.)</subfield><subfield code="w">(DLC)sn 95068828</subfield></datafield><datafield ind1="0" ind2="0" tag="780"><subfield code="t">Marysville daily news</subfield><subfield code="w">(DLC)sn 94051019</subfield></datafield><datafield ind1="0" ind2="4" tag="785"><subfield code="t">Marysville daily appeal</subfield><subfield code="w">(DLC)sn 84027437</subfield></datafield></record>